<?xml version="1.0" encoding="UTF-8"?><collection xmlns="http://www.loc.gov/MARC21/slim"><record><leader>00473nam--2200145-i-4500</leader><controlfield tag="001">000003407</controlfield><controlfield tag="002">20161230</controlfield><controlfield tag="005">20170129005007</controlfield><controlfield tag="008">060222s1000------------r-----000-0-eng-d</controlfield><datafield ind1=" " ind2=" " tag="100"><subfield code="a">Castelfranchi, Gaetano</subfield></datafield><datafield ind1=" " ind2=" " tag="245"><subfield code="a">Fisica esperimentale e applicata. Volume secon do. optica, elettrologia struttura della materia. Con 904 illustrazioni e 162 esercizi....</subfield></datafield><datafield ind1=" " ind2=" " tag="260"><subfield code="a">Milano</subfield><subfield code="b">Ulrico Hoepli</subfield><subfield code="c">1943</subfield></datafield><datafield ind1=" " ind2=" " tag="300"><subfield code="a">XXI + 898 p</subfield></datafield><datafield ind1=" " ind2=" " tag="852"><subfield code="a">1112</subfield></datafield><datafield ind1=" " ind2=" " tag="CAT"><subfield code="a">SYS</subfield><subfield code="c">20170129</subfield><subfield code="h">005007</subfield></datafield></record></collection>